@article{WORKMAN:2022,
    author = {Workman, R. L. and others},
    collaboration = {Particle Data Group},
    title = {Review of Particle Physics},
    doi = {10.1093/ptep/ptac097},
    journal = {PTEP},
    volume = {2022},
    pages = {083C01},
    year = {2022}
}

@mastersthesis{LUIS:2014,
	address={Universidade Federal de Pelotas},
	author={Luís Augusto Souza Martins},
	pages={71},
	school={UFPEL--IFM(PPGF)},
	title={Determinação da Distribuição de Glúons do Próton na Fotoprodução de Mésons Vetoriais no Grande Colisor de Hádrons},
	type={Mestrado em Física},
	year={2014}
}

@mastersthesis{RODRIGO:2016,
	address = {Universidade Federal de Santa Catarina},
	author = {Rodrigo Konrath},
	pages = {85},
	school = {UFSC--PPGF},
	title = {Colisões Hadrônicas e Interações Multiplas},
	type = {Mestrado em Física},
	year = {2016}
}
