 @article{filipe_silva_costa_2021,  title={Uma base comum na escola: análise do projeto educativo da Base Nacional Comum Curricular},  volume={29},  ISSN={0104-4036},  url={https://doi.org/10.1590/S0104-40362021002902296},  DOI={10.1590/S0104-40362021002902296},  number={112},  journal={Ensaio: Avaliação e Políticas Públicas em Educação},  publisher={Fundação CESGRANRIO},  author={Filipe, Fabiana Alvarenga and Silva, Dayane dos Santos and Costa, Áurea de Carvalho},  year={2021},  month={Jul},  pages={783–803} }