@techreport{LAMBERTS:2011,
  author      = {Roberto Lamberts and  Antonio Augusto Xavier and Solange Goulart and Renata De Vecchi},
  title       = {Conforto e Stress TÃ©rmico},
  institution = {UNIVERSIDADE FEDERAL DE SANTA CATARINA},
  year        = {2011},
  type        = {Apostila do curso de ECV4200},
  month       = {jun}
}