@techreport{LAMBERTS:2011,
	author      = {Roberto Lamberts and  Antonio Augusto Xavier and Solange Goulart and Renata De Vecchi},
	title       = {Conforto e Stress Térmico},
	institution = {UNIVERSIDADE FEDERAL DE SANTA CATARINA},
	year        = {2011},
	type        = {Apostila do curso de ECV4200},
	month       = {jun}
}

@article{LANG:2016,
	author = {Fernando Lang da Silveira},
	year = {2016},
	month = {10},
	pages = {27-30},
	title = {Um tema negligenciado em textos de Física Geral: a vaporização da água},
	volume = {14},
	journal = {Fisica na Escola}
}
