@book{SALINAS:2001,
  author    = {Salinas, Silvio R. A.},
  publisher = {EDUSP},
  title     = {Introdução à Física Estatística},
  year      = {2005},
  isbn      = {9788531403866},
  series    = {Grad. Texts Contemp. Phys.},
  fseries   = {Graduate Texts in Contemporary Physics},
  groups    = {mecanica-estatistica},
  issn      = {0938-037X},
  keywords  = {82-01,80-01,82C05,82D05}
}


