@Book{CARRON:1997,
  author    = {Wilson Carron and Osvaldo Guimarães},
  publisher = {Moderna},
  title     = {As Faces da Física},
  year      = {1997},
  edition   = {first},
  volume    = {Único},
  groups    = {estagio-III},
}

@Article{BRASIL:2002,
  author  = {BRASIL},
  journal = {{Resolução CNE/CP n. 1, de 18 de Fevereiro de 2002}},
  title   = {{Conselho Nacional de Educação}},
  year    = {2002},
  month   = feb,
  address = {{Parecer CNE/CP 1/2002 --Diário Oficial [da] União, Brasília, DF}},
  groups  = {estagio-III},
}

@Article{BRASIL:2002a,
  author  = {BRASIL},
  journal = {{Resolução CNE/CP n. 2, de 19 de Fevereiro de 2002}},
  title   = {{Conselho Nacional de Educação}},
  year    = {2002},
  month   = feb,
  address = {{Parecer CNE/CP 2/2002 --Diário Oficial [da] União, Brasília-DF}},
  groups  = {estagio-III},
}

@Article{BRASIL:2017,
  author  = {BRASIL},
  journal = {Ministério da Educação: Portaria n. 1.570 -- Diário Oficial [da] União},
  title   = {{Base Nacional Comum Curricular}},
  year    = {2017},
  month   = dec,
  address = {Brasília, DF},
  groups  = {estagio-III},
}

@Article{BRASIL:2018,
  author  = {BRASIL},
  journal = {Diário Oficial [da] União},
  title   = {{Conselho Nacional de Educação; Câmara de Educação Básica. Resolução nº 3, Art. 7, § 2º, Seção 1, p. 21}},
  year    = {2018},
  month   = {22 de novembro de},
  groups  = {estagio-III},
  url     = {http://portal.mec.gov.br/index.php?option=com_docman&view=download&alias=102481-rceb003-18&category_slug=novembro-2018-pdf&Itemid=30192},
}

@online{BRASIL:2022,
  author    = {BRASIL},
  groups    = {estagio-III},
  month     = {may},
  publisher = {Secretaria de Estado da Educação (SED) -- Portal Institucional},
  title     = {Ministério da Educação},
  url       = {http://serieweb.sed.sc.gov.br/cadueendportal.aspx?o6iFe+tcy6Uu9/pqqVgr+P1r9L043SAqXp5ErXAxHLo=},
  year      = {2022}
}

@InBook{Carvalho1999,
  author = {Anna Maria Pessoa de Carvalho and Izidoro, Emerson and Azevedo, Maria and Date, Marlene and Fujii, Seiji and Briccia, Viviane},
  pages  = {15--39},
  title  = {\textbf{Termodinâmica: um Ensino por Investigação}},
  year   = {1999},
  isbn   = {8532242464},
  month  = {01},
  groups = {estagio-III},
}

@InBook{CARVALHO:2012,
  author    = {ANNA MARIA PESSOA de CARVALHO},
  chapter   = {1},
  publisher = {Cengage Learning},
  title     = {{\textbf{Os Estágios nos Cursos de Licenciatura}}},
  year      = {2012},
  edition   = {1°},
  isbn      = {9788522112074},
  volume    = {Único},
  groups    = {estagio-III},
}

@InBook{CARVALHO:2012a,
  author    = {ANNA MARIA PESSOA de CARVALHO},
  chapter   = {2},
  publisher = {Cengage Learning},
  title     = {{\textbf{Os Estágios nos Cursos de Licenciatura}}},
  year      = {2012},
  edition   = {1°},
  isbn      = {9788522112074},
  volume    = {Único},
  groups    = {estagio-III},
}

@Article{CARVALHO:2018,
  author  = {Anna Maria Pessoa de Carvalho},
  journal = {Revista Brasileira de Pesquisa em Educação em Ciências},
  title   = {{Fundamentos Teóricos e Metodológicos do Ensino por Investigação}},
  year    = {2018},
  month   = {dez.},
  number  = {3},
  pages   = {765–794},
  volume  = {18},
  doi     = {10.28976/1984-2686rbpec2018183765},
  groups  = {estagio-III},
  url     = {https://periodicos.ufmg.br/index.php/rbpec/article/view/4852},
}

@Hidden{CASTRO:1992,
  author = {Castro and Carvalho},
  groups = {estagio-III},
  year   = {1992},
}

@Article{CLEMENT:2012,
  author  = {Luiz Clement and Eduardo A. Terrazzan},
  journal = {Revista Experiências em Ensino de Ciências},
  title   = {{Resolução de Problema de Lápis e Papel Numa Abordagem Investigativa}},
  year    = {2012},
  number  = {2},
  pages   = {98--116},
  volume  = {7},
  groups  = {estagio-III},
  url     = {https://fisica.ufmt.br/eenciojs/index.php/eenci/article/view/424/396},
}

@Article{COLOMBO:2014,
  author   = {Irineu Colombo and Carmen BallÃo},
  journal  = {Educar em Revista},
  title    = {Histórico e aplicação da legislação de estágio no Brasil},
  year     = {2014},
  issn     = {1984-0411},
  number   = {53},
  pages    = {171--186},
  volume   = {30},
  groups   = {estagio-III},
  keywords = {estágio; legislação; componente curricular},
  url      = {https://revistas.ufpr.br/educar/article/view/36555},
}

@Article{COMIOTTO:2021,
  author  = {Schroeder, Tiago Ravel and Comiotto, Tatiana and Poll, Raysa},
  journal = {Revista Educação e Políticas em Debate},
  title   = {{Proposta Curricular de Santa Catarina (PCSC): Um Ambiente de Proliferação para a Teoria Sócio Histórico Cultural (TSHC)}},
  year    = {2021},
  month   = {jan.},
  number  = {1},
  pages   = {397–413},
  volume  = {10},
  doi     = {10.14393/REPOD-v10n1a2021-54706},
  groups  = {estagio-III},
  url     = {https://seer.ufu.br/index.php/revistaeducaopoliticas/article/view/54706},
}

@Article{DUSCHL:2008,
  author  = {Richard Duschl},
  journal = {Review of Research in Education},
  title   = {{Science Education in Three-Part Harmony: Balancing Conceptual, Epistemic, and Social Learning Goals}},
  year    = {2008},
  number  = {1},
  pages   = {268-291},
  volume  = {32},
  doi     = {10.3102/0091732X07309371},
  eprint  = {https://doi.org/10.3102/0091732X07309371},
  groups  = {estagio-III},
  url     = {https://doi.org/10.3102/0091732X07309371},
}

@ARTICLE {FAOBIO:2007,
    author  = {FÁBIO W. O. da SILVA},
    title   = {{A Evolução da Teoria Ondulatória da Luz e os Livros Didáticos}},
    journal = {Rev. Bras. Ens. de Física},
    year    = {2007},
    volume  = {29},
    number  = {1},
    pages   = {149--159},
    month   = {Dezembro}
}

@ARTICLE {FABIO:2009,
    author  = {Fabio W.O. da Silva},
    title   = {{A Teoria da Luz de Newton nos Textos de Young}},
    journal = {Rev. Bras. Ens. de Física},
    year    = {2009},
    volume  = {31},
    number  = {1},
    pages   = {1601},
    month   = {Abril}
}

@article{MARIA:2010,
    author = {Prestes, Maria},
    year = {2010},
    month = {09},
    pages = {2-4},
    title = {{O whiggismo Proposto por Herbert Butterfield}},
    volume = {4},
    journal = {Anais de história: publicação do Departamento de História da Faculdade de Filosofia, Ciências e Letras de Assis}
}
 
@MASTERSTHESIS {FELIPHE:2019,
    author = {FELIPHE DE SOUZA FERREIRA},
    title  = {{Natureza Corpuscular e Ondulatória da Luz: Uma Sequência de Ensino Investigativa para Promover Alfabetização Científica}},
    school = {Universidade Federal Fluminense},
    year   = {2019},
    month  = {Agosto}
}

@Article{FORATO:2011,
  author  = {Thaís Cyrino de Mello Forato and Maurício Pietrocola and Roberto de Andrade Martins},
  journal = {Cad. Bras. Ens. Fís.},
  title   = {Historiografia e natureza da ciência na sala de aula},
  year    = {2011},
  month   = {apr},
  number  = {1},
  pages   = {27--59},
  volume  = {28},
  groups  = {estagio-III},
}

@Unpublished{GPFPPP:2021,
  author = {Giovani Pasqualini Faraco},
  title  = {\textbf{Projeto {P}olítico {P}edagógico}},
  month  = {jan},
  year   = {2021 -- 2022},
  groups = {estagio-III},
  note   = {Teste}
}

@book{HALLIDAY12008,
  author    = {HALLIDAY, DAVID and RESNICK, ROBERT and WALKER, JEARL},
  edition   = {8},
  location  = {Rio de Janeiro},
  pages     = {349},
  publisher = {LTC},
  title     = {Fundamentos de F{\'i}sica 1: Mec{\^a}nica},
  volume    = {1},
  year      = {2008}
}

@book{HALLIDAY22008,
  author    = {HALLIDAY, DAVID and RESNICK, ROBERT and WALKER, JEARL},
  edition   = {8},
  location  = {Rio de Janeiro},
  pages     = {314},
  publisher = {LTC},
  title     = {{Fundamentos de F{\'i}sica 2: Gravita{\c c{\~a}}o, Ondas e Termodin{\^a}mica}},
  volume    = {2},
  year      = {2009}
}

@book{HALLIDAY32008,
  author    = {HALLIDAY, DAVID and RESNICK, ROBERT and WALKER, JEARL},
  edition   = {8},
  location  = {Rio de Janeiro},
  pages     = {419},
  publisher = {LTC},
  title     = {{Fundamentos de F{\'i}sica 3: Eletromagnetismo}},
  volume    = {3},
  year      = {2009}
}

@book{HALLIDAY42008,
  author    = {HALLIDAY, DAVID and RESNICK, ROBERT and WALKER, JEARL},
  edition   = {8},
  location  = {Rio de Janeiro},
  pages     = {438},
  publisher = {LTC},
  title     = {{Fundamentos de F{\'i}sica 4: {\'O}ptica e F{\'i}sica Moderna}},
  volume    = {4},
  year      = {2009}
}

@Article{Quintal2009,
  author  = {João Ricardo Quintal and Andréia Guerra},
  journal = {Física na Escola},
  title   = {{A História da Ciência no Processo Ensino-Aprendizagem}},
  year    = {2009},
  number  = {1},
  pages   = {21--25},
  volume  = {10},
  groups  = {estagio-III},
}

@MASTERSTHESIS {JAQUELINE:2019,
    author = {JAQUELINE TERESINHA KREBS},
    title  = {{Refração, Lentes E Óptica da Visão}},
    school = {Universidade Federal de Santa Catarina -- UFSC},
    year   = {2019}
}

@TechReport{Lamberts2011,
  author = {Roberto Lamberts and Antonio Augusto Xavier and Solange Goulart and Renata De Vecchi},
  title  = {Conforto e Stress Térmico},
  year   = {2011},
  month  = {jun},
  type   = {Apostila do curso de ECV4200},
  groups = {estagio-III},
  school = {UNIVERSIDADE FEDERAL DE SANTA CATARINA},
}

@hidden{MAGIE:1935,
  author = {William Francis Magie},
  year   = {1935}
}

@Article{MORTIMER2002,
  author  = {EDUARDO F MORTIMER AND PHILL SCOTT},
  journal = {Investigações em Ensino de Ciências},
  title   = {{Atividade Discursiva nas Salas de Aula de Ciências: Uma Ferramenta Sociocultural para Analisar e Planejar o Ensino}},
  year    = {2002},
  pages   = {283 -- 306},
  volume  = {7(3)},
  groups  = {estagio-III},
}

@book{NUSSENZVEIG11997,
  author    = {NUSSENZVEIG, MOYS{\'E}S HERCH},
  edition   = {8},
  location  = {S{\~a}o Paulo},
  pages     = {324},
  publisher = {Edgard Bl{\"u}ncher},
  title     = {{Curso de F{\'i}sica B{\'a}sica 1: Mec{\^a}nica}},
  volume    = {1},
  year      = {2002}
}

@book{NUSSENZVEIG21997,
  author    = {NUSSENZVEIG, MOYSÉS HERCH},
  edition   = {4},
  location  = {São Paulo},
  pages     = {320},
  publisher = {Edgard Bl{\"u}ncher},
  title     = {Curso de F{\'i}sica B{\'a}sica 2: Flu{\'i}dos, Oscila{\c c\~o}es e Ondas, Calor},
  volume    = {2},
  year      = {1997}
}

@book{NUSSENZVEIG31997,
  author    = {NUSSENZVEIG, HERCH MOYS{\'E}S},
  edition   = {1},
  location  = {S{\~a}o Paulo},
  pages     = {313},
  publisher = {Edgard Bl{\"u}ncher},
  title     = {Curso de F{\'i}sica B{\'a}sica 3: Eletromagnetismo},
  volume    = {3},
  year      = {1997}
}

@book{NUSSENZVEIG41997,
  author    = {NUSSENZVEIG, MOYS{\'E}S HERCH},
  edition   = {1},
  location  = {S{\~a}o Paulo},
  pages     = {439},
  publisher = {Edgard Bl{\"u}ncher},
  title     = {{Curso de F{\'i}sica B{\'a}sica 4: {\'O}tica, Relatividade, F{\'i}sica Qu{\^a}ntica}},
  volume    = {4},
  year      = {1998}
}

@Article{PCSC:2014,
  author  = {Santa Catarina},
  journal = {Secretaria de Estado da Educação do Estado de Santa Catarina},
  title   = {{Proposta Curricular de Santa Catarina}},
  year    = {2014},
  pages   = {189},
  address = {Florianópolis, SC},
  groups  = {estagio-III},
  url     = {https://www.sed.sc.gov.br/servicos/professores-e-gestores/16977-nova-proposta-curricularde-sc-2014},
}

@article{PEDUZZI:2022,
    author  = {ANA CAROLINA and STAUB MELO and LUIZ PEDUZZI},
    year    = {2007},
    volume  = {13},
    number  = {1},
    journal = {Ciência \& Educação},
    month   = {11},
    pages   = {99--126},
    title   = {{Epistemologia Bachelardiana no Eestudo da História da Óptica: Contributions from bachelardian epistemology in the study of the history of Optics}}
}

@Article{Pietrocola2002,
  author  = {Maurício Pietrocola},
  journal = {Caderno Catarinense do Ensino de Física},
  title   = {{A Matemática como Estruturante do Conhecimento Físico}},
  year    = {2002},
  month   = {aug},
  number  = {1},
  pages   = {88--108},
  volume  = {19},
  groups  = {estagio-III},
  url     = {https://periodicos.ufsc.br/index.php/fisica/article/view/9297},
}

@Article{PEREZ1992,
  author  = {DANIEL GIL PÉREZ and Joaquín Martinez Torregrosa and Lorenzo Ramírez and Andrée Dumas Carrée and Monique Gofard and Anna M. Pessoa de Carvalho},
  journal = {Caderno Catarinense De Ensino De Física},
  title   = {{Questionando a Didática de Resolução de Problemas: Elaboração de um Modelo Alternativo}},
  year    = {1992},
  month   = {01},
  pages   = {7--19},
  volume  = {9},
  groups  = {estagio-III},
}

@article{SCHEIFER:2022,
    title   = {{The study of the dual nature of light in High School }},
    volume  = {11},
    url     = {https://rsdjournal.org/index.php/rsd/article/view/29760},
    DOI     = {10.33448/rsd-v11i6.29760},
    number  = {6},
    journal = {Research, Society and Development},
    author  = {Santos, Oscar Rodrigues dos and Scheifer, Eliane Kovalek and Silva, Debora Ferreira da and Braga, Wladimir Sérgio and Fontes, Adriana da Silva},
    year    = {2022},
    month   = {May},
    pages   = {e56911629760}
}

@Article{Sasseron2015,
  author  = {Lúcia Helena Sasseron},
  journal = {{E}nsaio Pesquisa em Educação em Ciências (Belo Horizonte) [online]},
  title   = {{Alfabetização Científica, Ensino por Investigação e Argumentação:} {R}elações {E}ntre {C}iências da {N}atureza e {E}scola.},
  year    = {2015},
  issn    = {1983-2117},
  pages   = {49 -- 67},
  volume  = {17},
  groups  = {estagio-III},
  url     = {https://doi.org/10.1590/1983-2117201517s04},
}

@Book{VEIGA:1995,
  author    = {Ilma Passos Alencastro Veiga},
  publisher = {Papirus Editora},
  title     = {Projeto político-pedagógico da escola: Uma construção possível},
  year      = {1995},
  edition   = {7ª},
  volume    = {Único},
  groups    = {estagio-III},
}

@Book{ZEICHNER:1993,
  author    = {KENNETH M. ZEICHNER},
  editor    = {EDUCA},
  publisher = {Coleção EDUCA-{P}rofessores},
  title     = {{A Formação Reflexiva de Professores:} {I}deias e {P}ráticas},
  year      = {1993},
  isbn      = {972-8036-07-8},
  volume    = {1},
  groups    = {estagio-III},
  url       = {http://hdl.handle.net/10451/3704},
}

@book{ZEMANSKY12010,
  author    = {SEARS, Francis Weston and ZEMANSKY, Mark W. and YOUNG, Hugh D. and FREEDMAN, Roger A. and others},
  edition   = {12},
  location  = {S{\~a}o Paulo},
  pages     = {403},
  publisher = {Addison-Wesley},
  title     = {F{\'i}sica I: Mec{\^a}nica},
  volume    = {1},
  year      = {2010}
}

@book{ZEMANSKY22010,
  author    = {SEARS, Francis Weston and ZEMANSKY, Mark W. and YOUNG, Hugh D. and 	FREEDMAN, Roger A. and others},
  edition   = {12},
  location  = {S{\~a}o Paulo},
  pages     = {329},
  publisher = {Addison-Wesley},
  title     = {{F{\'i}sica II: Termodin{\^a}mica e Ondas}},
  volume    = {2},
  year      = {2010}
}

@book{ZEMANSKY32010,
  author    = {SEARS, Francis Weston and ZEMANSKY, Mark W. and YOUNG, Hugh D. and FREEDMAN, Roger A. and others},
  edition   = {12},
  location  = {S{\~a}o Paulo},
  pages     = {425},
  publisher = {Addison-Wesley},
  title     = {{F{\'i}sica III: Eletromagnetismo}},
  volume    = {3},
  year      = {2009}
}

@book{ZEMANSKY42010,
  author    = {SEARS, Francis Weston and ZEMANSKY, Mark W. and YOUNG, Hugh D. and FREEDMAN, Roger A. and others},
  edition   = {12},
  location  = {S{\~a}o Paulo},
  pages     = {329},
  publisher = {Addison-Wesley},
  title     = {{F{\'i}sica IV: {\'O}tica e F{\'i}sica Moderna}},
  volume    = {4},
  year      = {2010}
}

@INCOLLECTION{YOUNG:1801,
    author       = {THOMAS YOUNG},
    title        = {{On the Theory of Light and Colours}},
    booktitle    = {The Bakerian Lecture},
    publisher    = {Royal Society (London)},
    year         = {1665--1886},
    type         = {Monographie Imprimée},
    organization = {Biblioth{È}que nationale de France (BnF)},
    url          = {https://gallica.bnf.fr/ark:/12148/bpt6k55897m/f7.item?lang=EN#}
}

@MASTERSTHESIS {AGNALDO:2018,
    author = {AGNALDO DE CARVALHO SANT'ANNA},
    title  = {{Sequência Didática para Ensino de Óptica: Um olhar para a modalidade CEJA}},
    school = {Universidade Federal Fluminense},
    year   = {2018},
    month  = {dec}
}