@article{LANG:2016,
	author = {Fernando Lang da Silveira},
	year = {2016},
	month = {10},
	pages = {27-30},
	title = {Um tema negligenciado em textos de Física Geral: a vaporização da água},
	volume = {14},
	journal = {Fisica na Escola}
}
