@Book{CARRON:1997,
	author    = {Wilson Carron and Osvaldo Guimarães},
	publisher = {Moderna},
	title     = {As Faces da Física},
	year      = {1997},
	edition   = {first},
	volume    = {Único},
	groups    = {estagio-III},
}

@Article{BRASIL:2002,
	author  = {BRASIL},
	journal = {{Resolução CNE/CP n. 1, de 18 de Fevereiro de 2002}},
	title   = {{Conselho Nacional de Educação}},
	year    = {2002},
	month   = feb,
	address = {{Parecer CNE/CP 1/2002 --Diário Oficial [da] União, Brasília, DF}},
	groups  = {estagio-III},
}

@Article{BRASIL:2002a,
	author  = {BRASIL},
	journal = {{Resolução CNE/CP n. 2, de 19 de Fevereiro de 2002}},
	title   = {{Conselho Nacional de Educação}},
	year    = {2002},
	month   = feb,
	address = {{Parecer CNE/CP 2/2002 --Diário Oficial [da] União, Brasília-DF}},
	groups  = {estagio-III},
}

@Article{BRASIL:2008,
	author  = {BRASIL},
	journal = {{Diário Oficial [da] União, Brasília-DF}},
	title   = {{Lei 11.788, de 25 de Setembro de 2008}},
	year    = {2008},
	month   = set,
	address = {{Brasília, DF}},
	groups  = {estagio-III},
}

@Article{BRASIL:2017,
	author  = {BRASIL},
	journal = {Ministério da Educação: Portaria n. 1.570 -- Diário Oficial [da] União},
	title   = {{Base Nacional Comum Curricular}},
	year    = {2017},
	month   = dec,
	address = {Brasília, DF},
	groups  = {estagio-III},
}

@Article{BRASIL:2018,
	author  = {BRASIL},
	journal = {Diário Oficial [da] União},
	title   = {{Conselho Nacional de Educação; Câmara de Educação Básica. Resolução nº 3, Art. 7, § 2º, Seção 1, p. 21}},
	year    = {2018},
	month   = {22 de novembro de},
	groups  = {estagio-III},
	url     = {http://portal.mec.gov.br/index.php?option=com_docman&view=download&alias=102481-rceb003-18&category_slug=novembro-2018-pdf&Itemid=30192},
}

@InBook{CARVALHO:1999,
	author = {Anna Maria Pessoa de Carvalho and Izidoro, Emerson and Azevedo, Maria and Date, Marlene and Fujii, Seiji and Briccia, Viviane},
	pages  = {15--39},
	title  = {\textbf{Termodinâmica: um Ensino por Investigação}},
	year   = {1999},
	isbn   = {8532242464},
	month  = {01},
	groups = {estagio-III},
}

@InBook{CARVALHO:2012,
	author    = {ANNA MARIA PESSOA de CARVALHO},
	chapter   = {1},
	publisher = {Cengage Learning},
	title     = {{\textbf{Os Estágios nos Cursos de Licenciatura}}},
	year      = {2012},
	edition   = {1°},
	isbn      = {9788522112074},
	volume    = {Único},
	groups    = {estagio-III},
}

@InBook{CARVALHO:2012a,
	author    = {ANNA MARIA PESSOA de CARVALHO},
	chapter   = {2},
	publisher = {Cengage Learning},
	title     = {{\textbf{Os Estágios nos Cursos de Licenciatura}}},
	year      = {2012},
	edition   = {1°},
	isbn      = {9788522112074},
	volume    = {Único},
	groups    = {estagio-III},
}

@Article{CARVALHO:2018,
	author  = {Anna Maria Pessoa de Carvalho},
	journal = {Revista Brasileira de Pesquisa em Educação em Ciências},
	title   = {{Fundamentos Teóricos e Metodológicos do Ensino por Investigação}},
	year    = {2018},
	month   = {dez.},
	number  = {3},
	pages   = {765–794},
	volume  = {18},
	doi     = {10.28976/1984-2686rbpec2018183765},
	groups  = {estagio-III},
	url     = {https://periodicos.ufmg.br/index.php/rbpec/article/view/4852},
}

@Hidden{CASTRO:1992,
	author = {Castro and Carvalho},
	groups = {estagio-III},
	year   = {1992},
}

@Article{CLEMENT:2012,
	author  = {Luiz Clement and Eduardo A. Terrazzan},
	journal = {Revista Experiências em Ensino de Ciências},
	title   = {{Resolução de Problema de Lápis e Papel Numa Abordagem Investigativa}},
	year    = {2012},
	number  = {2},
	pages   = {98--116},
	volume  = {7},
	groups  = {estagio-III},
	url     = {https://fisica.ufmt.br/eenciojs/index.php/eenci/article/view/424/396},
}

@Article{COLOMBO:2014,
	author   = {Irineu Colombo and Carmen BallÃo},
	journal  = {Educar em Revista},
	title    = {Histórico e aplicação da legislação de estágio no Brasil},
	year     = {2014},
	issn     = {1984-0411},
	number   = {53},
	pages    = {171--186},
	volume   = {30},
	groups   = {estagio-III},
	keywords = {estágio; legislação; componente curricular},
	url      = {https://revistas.ufpr.br/educar/article/view/36555},
}

@Article{COMIOTTO:2021,
	author  = {Schroeder, Tiago Ravel and Comiotto, Tatiana and Poll, Raysa},
	journal = {Revista Educação e Políticas em Debate},
	title   = {{Proposta Curricular de Santa Catarina (PCSC): Um Ambiente de Proliferação para a Teoria Sócio Histórico Cultural (TSHC)}},
	year    = {2021},
	month   = {jan.},
	number  = {1},
	pages   = {397–413},
	volume  = {10},
	doi     = {10.14393/REPOD-v10n1a2021-54706},
	groups  = {estagio-III},
	url     = {https://seer.ufu.br/index.php/revistaeducaopoliticas/article/view/54706},
}

@Article{DUSCHL:2008,
	author  = {Richard Duschl},
	journal = {Review of Research in Education},
	title   = {{Science Education in Three-Part Harmony: Balancing Conceptual, Epistemic, and Social Learning Goals}},
	year    = {2008},
	number  = {1},
	pages   = {268-291},
	volume  = {32},
	doi     = {10.3102/0091732X07309371},
	eprint  = {https://doi.org/10.3102/0091732X07309371},
	groups  = {estagio-III},
	url     = {https://doi.org/10.3102/0091732X07309371},
}

@Article{FORATO:2011,
	author  = {Thaís Cyrino de Mello Forato and Maurício Pietrocola and Roberto de Andrade Martins},
	journal = {Cad. Bras. Ens. Fís.},
	title   = {Historiografia e natureza da ciência na sala de aula},
	year    = {2011},
	month   = {apr},
	number  = {1},
	pages   = {27--59},
	volume  = {28},
	groups  = {estagio-III},
}

@Unpublished{FARACO:2023,
	author = {{EEB. GIOVANI FARACO}},
	title  = {\textbf{Projeto {P}olítico {P}edagógico}},
	month  = {jan},
	year   = {2023 -- 2024},
	groups = {estagio-III},
}

@Article{QUINTAL:2009,
	author  = {João Ricardo Quintal and Andréia Guerra},
	journal = {Física na Escola},
	title   = {{A História da Ciência no Processo Ensino-Aprendizagem}},
	year    = {2009},
	number  = {1},
	pages   = {21--25},
	volume  = {10},
	groups  = {estagio-III},
}

@Article{MORTIMER2002,
	author  = {EDUARDO F Mortimer AND PHILL Scott},
	journal = {Investigações em Ensino de Ciências},
	title   = {{Atividade Discursiva nas Salas de Aula de Ciências: Uma Ferramenta Sociocultural para Analisar e Planejar o Ensino}},
	year    = {2002},
	pages   = {283 -- 306},
	volume  = {7(3)},
	groups  = {estagio-III},
}

@Article{PCSC:2014,
	author  = {{SANTA CATARINA}},
	journal = {Secretaria de Estado da Educação do Estado de Santa Catarina},
	title   = {{Proposta Curricular de Santa Catarina}},
	year    = {2014},
	pages   = {189},
	address = {Florianópolis, SC},
	groups  = {estagio-III},
	url     = {l1nk.dev/nova-proposta-curricular-sc},
}

@Article{PIETROCOLA:2002,
	author  = {Maurício Pietrocola},
	journal = {Caderno Catarinense do Ensino de Física},
	title   = {{A Matemática como Estruturante do Conhecimento Físico}},
	year    = {2002},
	month   = {aug},
	number  = {1},
	pages   = {88--108},
	volume  = {19},
	groups  = {estagio-III},
	url     = {https://periodicos.ufsc.br/index.php/fisica/article/view/9297},
}

@Article{PEREZ:1992,
	author  = {Daniel Gil PÉREZ and Joaquín Martinez Torregrosa and Lorenzo Ramírez and Andrée Dumas Carrée and Monique Gofard and Anna M. Pessoa de Carvalho},
	journal = {Caderno Catarinense De Ensino De Física},
	title   = {{Questionando a Didática de Resolução de Problemas: Elaboração de um Modelo Alternativo}},
	year    = {1992},
	month   = {01},
	pages   = {7--19},
	volume  = {9},
	groups  = {estagio-III},
}

@Article{SASSERON:2015,
	author  = {Lúcia Helena Sasseron},
	journal = {{E}nsaio Pesquisa em Educação em Ciências (Belo Horizonte) [online]},
	title   = {{Alfabetização Científica, Ensino por Investigação e Argumentação:} {R}elações {E}ntre {C}iências da {N}atureza e {E}scola.},
	year    = {2015},
	issn    = {1983-2117},
	pages   = {49 -- 67},
	volume  = {17},
	groups  = {estagio-III},
	url     = {https://doi.org/10.1590/1983-2117201517s04},
}

@article{BRASIL:2022,
	author    = {BRASIL},
	groups    = {estagio-III},
	month     = {may},
	publisher = {Secretaria de Estado da Educação (SED) -- Portal Institucional},
	title     = {Ministério da Educação},
	url       = {http://serieweb.sed.sc.gov.br/cadueendportal.aspx?o6iFe+tcy6Uu9/pqqVgr+P1r9L043SAqXp5ErXAxHLo=},
	year      = {2022},
}

@Book{VEIGA:1995,
	author    = {Ilma Passos Alencastro Veiga},
	publisher = {Papirus Editora},
	title     = {Projeto político-pedagógico da escola: Uma construção possível},
	year      = {1995},
	edition   = {7ª},
	volume    = {Único},
	groups    = {estagio-III},
}

@Book{ZEICHNER:1993,
	author    = {KENNETH M. ZEICHNER},
	editor    = {EDUCA},
	publisher = {Coleção EDUCA-{P}rofessores},
	title     = {{A Formação Reflexiva de Professores:} {I}deias e {P}ráticas},
	year      = {1993},
	isbn      = {972-8036-07-8},
	volume    = {1},
	groups    = {estagio-III},
	url       = {http://hdl.handle.net/10451/3704},
}

@mastersthesis{MARIO:2017,
	author = {Mário Heleno Calegari},
	title = {{Sequência de Ensino Investigativa Sobre a Previsão do Tempo}},
	school = {Universidade do Estado de Santa Catarina},
	type = {Mestrado},
	address = {UDESC-CCT, SC},
	year = {2017},
	month = {Agosto},
}

@misc{CATARINA:2021,
	author = {{SANTA CATARINA}},
	title = {{Currículo Base do Ensino Médio do Território Catarinense -- Caderno 1: Disposições Gerais}},
	volume = {1},
	publisher = {Secretaria de Estado da Educação},
	address = {SEE -- Florianópolis},
	year = {2021},
	pages = {120},
	isbn = {978-65-996330-0-3},
}

@article{ERICK:2020,
	author = {Erick dos Santos Silva and Lúcia Helena Sasseron},
	title = {{BNCC: Entre Avanços de Pesquisa e Articulações Necessárias}},
	journal = {Rev. Currículo e Docência},
	volume = {2},
	number = {2},
	pages = {23-45},
	year = {2020},
}

@article{CATARINA:1991,
	author = {{SANTA CATARINA}},
	title = {{Proposta Curricular: Uma Contribuição Para a Escola Pública do Pré-Escolar, 1º Grau e Educação de Adultos}},
	howpublished = {Secretaria de Estado da Educação e do Desporto},
	year = {1991},
}

@article{OSTERMANN:2021,
	author = {Fernanda Ostermann and Flavia Rezende},
	title = {{BNCC, Reforma do Ensino Médio e BNC-Formação: Um pacote Privatista, Utilitarista Minimalista que Precisa ser Revogado}},
	journal = {Cad. Bras. Ens. de Física},
	volume = {38},
	number = {3},
	pages = {1381-1387},
	year = {2021},
	month = {dez},
}

@misc{CATARINA:2021d,
	author = {{SANTA CATARINA}},
	title = {{Novo ensino médio: Componentes curriculares eletivos: Construindo e ampliando saberes: Caderno 4}},
	volume = {1},
	edition = {2},
	publisher = {Secretaria de Estado da Educação},
	address = {SEE -- Florianópolis},
	year = {2021},
	pages = {120},
	isbn = {978-65-996330-3-4},
}

@book{MORAES:2018,
	title = {{O Paradigma educacional emergente}},
	author = {MARIA CÂNDIDA Moraes},
	isbn = {9788544902769},
	series = {Práxis},
	year = {2018},
	publisher = {Papirus Editora},
	pages = {240},
}

@misc{CATARINA:2021c,
	author = {{SANTA CATARINA}},
	title = {{Currículo Base do Ensino Médio Catarinense: Caderno 3 -- portfólio de trilhas de aprofundamento}},
	volume = {3},
	edition = {2},
	publisher = {Secretaria de Estado da Educação},
	address = {SEE -- Florianópolis},
	year = {2021},
	pages = {337},
	isbn = {978-65-996330-2-7},
}

@misc{GRIMM:1999,
	author = {Alice Marlene Grimm},
	title = {Meteorologia Básica: Notas de aula},
	url = {https://fisica.ufpr.br/grimm/aposmeteo/},
	year = {1999},
	version = {1ª -- Eletrônica},
	month = {set},
}

@article{MARRAFON:2021,
	place = {Campinas, SP},
	title = {Ciclones extratropicais: o que são, climatologia e impactos no Brasil},
	volume = {17},
	url = {https://periodicos.sbu.unicamp.br/ojs/index.php/td/article/view/8666028},
	DOI = {10.20396/td.v17i00.8666028},
	number = {00},
	journal = {Terrae Didatica},
	author = {Reboita, Michelle Simões and Marrafon, Vitor Hugo},
	year = {2021},
	month = {set},
	pages = {e021032}
}

@mastersthesis{ROCHA:2014,
	author = {Fábio Pinto da Rocha},
	title = {{Estudo de Ciclones e de Padrões de Circulação Atmosférica no Oceano Atlântico Sul Próximo à Costa das Regiões Sul e Sudeste do Brasil Usando Dados da Reanálise do Era-Interim}},
	school = {Instituto Nacional de Pesquisas Espaciais},
	type = {Mestrado},
	address = {INPE -- São José dos Campos},
	year = {2014},
	month = {mai},
}

@misc{CADORI:2022,
	author = {{SANTA CATARINA}},
	title = {Caderno de orientações para a implementação do {N}ovo {E}nsino {M}édio},
	howpublished = {Secretaria de Estado da Educação},
	year = {2022},
	month = {dez},
	isbn = {978-65-999264-3-3},
}

@article{LANG:2016,
	author = {Fernando Lang da Silveira},
	year = {2016},
	month = {10},
	pages = {27-30},
	title = {Um tema negligenciado em textos de Física Geral: a vaporização da água},
	volume = {14},
	journal = {Fisica na Escola}
}

@article{PEZZA:2005,
	author = {Alexandre Bernardes Pezza and Ian Simmonds},
	title = {{The First South Atlantic Hurricane: Unprecedent Blocking, Low Shear and Climate Change}},
	journal = {Geophysical Research Letters},
	volume = {32},
	number = {15},
	pages = {L17512},
	year = {2005},
	month = {ago},
}

@article{DIESEL:2017,
	author = {Aline Diesel and Alda Leida Santos Baldez and Silvanna Neumann Martins},
	title = {{Os princípios das metodologias ativas de ensino: uma abordagem teórica}},
	journal = {Thema},
	volume = {14},
	number = {1},
	pages = {268--288},
	year = {2017},
	month = {jan},
}

@article{BOEHRER:1990,
	author = {Boehrer, John and Linsky, Marty},
	title = {Teaching with cases: Learning to question},
	journal = {New Directions for Teaching and Learning},
	volume = {1990},
	number = {42},
	pages = {41-57},
	doi = {https://doi.org/10.1002/tl.37219904206},
	url = {https://onlinelibrary.wiley.com/doi/abs/10.1002/tl.37219904206},
	eprint = {https://onlinelibrary.wiley.com/doi/pdf/10.1002/tl.37219904206},
	year = {1990}
}

@article{CNE:2018,
	author = {BRASIL},
	title = {Resolução Nº 3, de 21 de Novembro de 2018},
	journal = {Diário Oficial [da] União},
	year = {2018},
	month = {nov},
	note = {Atualiza as Diretrizes Curriculares Nacionais para o Ensino Médio},
	institution = {Conselho Nacional de Educação},
}

@article{ALVARENGA:2021,
	title = {Uma base comum na escola: análise do projeto educativo da {B}ase {N}acional {C}omum {C}urricular},
	volume = {29},
	ISSN = {0104-4036},
	url = {https://doi.org/10.1590/S0104-40362021002902296},
	DOI = {10.1590/S0104-40362021002902296},
	number = {112},
	journal = {Ensaio: Avaliação e Políticas Públicas em Educação},
	publisher = {Fundação CESGRANRIO},
	author = {Fabiana Alvarenga Filipe and Dayane dos Santos Silva and Áurea de Carvalho Costa},
	year = {2021},
	month = {jul},
	pages = {783–803}
}

@article{BRASIL:2001,
	author = {BRASIL},
	title = {{Plano Nacional de Educação (PNE). Lei Federal n.º 10.172, de 9/01/2001.}},
	journal = {Diário Oficial [da] União},
	year = {2001},
	address = {{Brasília, DF}},
}

@article{BRASIL:2017b,
	author = {BRASIL},
	title = {Lei nº 13.415, de 16 de fevereiro de 2017. {A}ltera as Leis nº 9.394, de 20 de dezembro de 1996},
	journal = {Diário Oficial [da] União},
	year = {2017},
	month = {fev},
	address = {{Brasília, DF}},
}

@article{PACHECO:2021,
	title = {Projeto de Lei 6.840/2013: reforma curricular ou retrocesso do Ensino Médio?},
	url = {https://juventudebr.emnuvens.com.br/juventudebr/article/view/217},
	journal = {Juventude.br},
	author = {DIRCE DJANIRA PACHECO e ZAN and DANIELLE de SOUSA SANTOS and LUCIANO NASCIMENTO CORSINO},
	year = {2021},
	month = {mai},
	pages = {21–29}
}

@article{PL:6840,
    author = {BRASIL},
    title = {Projeto de Lei de nº 6840-{A}, de 27 de novembro de 2013},
    year = {2013},
    month = {nov},
	  address ={Câmara dos Deputados},
	  note = {Altera a Lei nº 9.394, de 20 de dezembro de 1996, e dá outras providências.},
}

@incollection{VASCONCELLOS:1992,
    author = {Celso dos S. Vasconcellos},
    title = {Metodologia Dialética em Sala de Aula},
    booktitle = {Revista de Educação AEC},
    volume = {21},
    number = {83},
    pages = {28--55},
    address = {Brasília},
    year = {1992},
    month = {abr},
}

@article{SINTE:2023,
    author = {Sinte/SC},
    title = {Impactos da Reforma do Ensino Médio na Rede Estadual de Ensino de Santa Catarina},
    year = {2023},
    month = {mai},
}
