@book{REITZ:1982,
  author    = {John R. Reitz and Frederick J. Milford and Robert W. Christy},
  publisher = {Editora Campus},
  title     = {{F}undamentos da {T}eoria {E}letromagn√©tica},
  year      = {1982},
  isbn      = {9788570011039},
	edition   = {3}
}
